<?xml version="1.0" encoding="UTF-8"?><record xmlns="http://www.loc.gov/MARC21/slim" xmlns:cinclude="http://apache.org/cocoon/include/1.0" xmlns:zs="http://www.loc.gov/zing/srw/">
  <leader>00643cz  a2200169n  4500</leader>
  <controlfield tag="001">n  83056447 </controlfield>
  <controlfield tag="003">DLC</controlfield>
  <controlfield tag="005">20081218080146.0</controlfield>
  <controlfield tag="008">830323n| acannaabn          |a ana      </controlfield>
  <datafield tag="010" ind1=" " ind2=" ">
    <subfield code="a">n  83056447 </subfield>
  </datafield>
  <datafield tag="035" ind1=" " ind2=" ">
    <subfield code="a">(OCoLC)oca00941598</subfield>
  </datafield>
  <datafield tag="040" ind1=" " ind2=" ">
    <subfield code="a">DLC</subfield>
    <subfield code="b">eng</subfield>
    <subfield code="c">DLC</subfield>
    <subfield code="d">OCoLC</subfield>
  </datafield>
  <datafield tag="110" ind1="1" ind2=" ">
    <subfield code="a">Upper Volta.</subfield>
    <subfield code="b">Office national de la promotion de l'emploi</subfield>
  </datafield>
  <datafield tag="410" ind1="1" ind2=" ">
    <subfield code="a">Upper Volta.</subfield>
    <subfield code="b">Promotion de l'emploi, Office national de la</subfield>
  </datafield>
  <datafield tag="410" ind1="2" ind2=" ">
    <subfield code="a">O.N.P.E.</subfield>
  </datafield>
  <datafield tag="410" ind1="2" ind2=" ">
    <subfield code="a">ONPE</subfield>
  </datafield>
  <datafield tag="670" ind1=" " ind2=" ">
    <subfield code="a">Dijk, M.P. van. Analyse et diagnostic du secteur non structureĚ aĚ Ouagadougou, 1977 (a.e.)</subfield>
    <subfield code="b">t.p. (Office national de la promotion de l'emploi, Ouagadougou, Haute-Volta, O.N.P.E.)</subfield>
  </datafield>
</record>